@article{Rosner2001,
  author  = {Rosner, Thorsten and Le~Bars, Jean and Pfaltz, Andreas and Blackmond, Donna~G.},
  title   = {Kinetic Studies of Heck Coupling Reactions Using Palladacycle Catalysts:
             Experimental and Kinetic Modeling of the Role of Dimer Species},
  journal = {J.~Am. Chem. Soc.},
  year    = {2001},
  volume  = {123},
  number  = {9},
  pages   = {1848--1855},
  doi     = {10.1021/ja003191e},
  issn    = {0002-7863}
}

@article{Sahharova2023,
  author  = {Sahharova, Liliya~T. and Burykina, Julia~V. and Kostyukovich, Alexander~Y.
             and Eremin, Dmitry~B. and Boiko, Daniil~A. and Fakhrutdinov, Artem~N.
             and Ananikov, Valentine~P.},
  title   = {Expanding the Role of Dimeric Species: On-Cycle Involvement, Improved Stability,
             and Control of Stereospecificity—A Case Study of Atom-Economic Catalytic Hydrothiolation},
  journal = {ACS Catal.},
  year    = {2023},
  volume  = {13},
  number  = {6},
  pages   = {3591--3604},
  doi     = {10.1021/acscatal.2c06406},
  issn    = {2155-5435}
}

@article{Williams2023,
  author  = {Williams, Peter~J.~H. and Killeen, Charles and Chagunda, Ian~C. and
             Henderson, Brett and Donnecke, Sofia and Munro, Wil and Sidhu, Jaspreet and
             Kraft, Denaisha and Harrington, David~A. and McIndoe, J.~Scott},
  title   = {Continuous Addition Kinetic Elucidation: Catalyst and Reactant Order,
             Rate Constant, and Poisoning from a Single Experiment},
  journal = {Chem.~Sci.},
  year    = {2023},
  volume  = {14},
  number  = {36},
  pages   = {9970--9977},
  doi     = {10.1039/D3SC02698A},
  issn    = {2041-6539}
}

@article{MartinezCarrion2019,
  author  = {Mart{\'\i}nez-Carri{\'o}n, Alicia and Howlett, Michael~G. and
             Alamillo-Ferrer, Carla and Clayton, Adam~D. and Bourne, Richard~A. and
             Codina, Anna and Vidal-Ferran, Anton and Adams, Ralph~W. and Bur{\'e}s, Jordi},
  title   = {Kinetic Treatments for Catalyst Activation and Deactivation Processes
             Based on Variable Time Normalization Analysis},
  journal = {Angew.~Chem.~Int.~Ed.},
  year    = {2019},
  volume  = {58},
  number  = {30},
  pages   = {10189--10193},
  doi     = {10.1002/anie.201903878},
  issn    = {1433-7851}
}

@article{Ford2016,
  author  = {Ford, David~D. and Lehnherr, Dan and Kennedy, Connor~R. and Jacobsen, Eric~N.},
  title   = {On- and Off-Cycle Catalyst Cooperativity in Anion-Binding Catalysis},
  journal = {J.~Am.~Chem.~Soc.},
  year    = {2016},
  volume  = {138},
  number  = {24},
  pages   = {7860--7863},
  doi     = {10.1021/jacs.6b04544},
  issn    = {0002-7863}
}

@article{Ali2022,
  author  = {Ali, Chemlal and Blackmond, Donna~G. and Bur{\'e}s, Jordi},
  title   = {Kinetic Rationalization of Nonlinear Effects in Asymmetric Catalytic Cascade Reactions under Curtin--Hammett Conditions},
  journal = {ACS Catal.},
  year    = {2022},
  volume  = {12},
  number  = {10},
  pages   = {5776--5785},
  doi     = {10.1021/acscatal.2c01058},
  issn    = {2155-5435}
}

@article{Motagamwala2021,
  author  = {Motagamwala, Ali~H. and Dumesic, James~A.},
  title   = {Microkinetic Modeling: A Tool for Rational Catalyst Design},
  journal = {Chem.~Rev.},
  year    = {2021},
  volume  = {121},
  number  = {2},
  pages   = {1049--1076},
  doi     = {10.1021/acs.chemrev.0c00605},
  issn    = {0009-2665}
}

@article{Bolhuis2025,
  author  = {Bolhuis, Peter~G.},
  title   = {Optimal Kinetics for Catalytic Cycles from a Single Path-Sampling Simulation},
  journal = {Proc.~Natl.~Acad.~Sci.~USA},
  year    = {2025},
  volume  = {122},
  number  = {30},
  pages   = {e2500934122},
  doi     = {10.1073/pnas.2500934122},
  issn    = {0027-8424}
}

@article{Rai2024,
  author  = {Rai, Gaurav and Edwards, Lorna and Greenaway, Rachel L. and Miller, Paul and Crimmin, Mark and Wheelhouse, Kevin},
  title   = {Combined Kinetic and Computational Analysis of the Palladium-Catalyzed Formylation of Aryl Bromides},
  journal = {ACS Catal.},
  year    = {2024},
  volume  = {15},
  number  = {1},
  pages   = {343--351},
  doi     = {10.1021/acscatal.4c05324},
  issn    = {2155-5435}
}

@article{Novak2018,
  author  = {Novak, Alexander M. and Dean, Peter},
  title   = {Mass-Conservative Rounding Schemes for Large-Scale Kinetic Simulations},
  journal = {J.~Chem. Phys.},
  year    = {2018},
  volume  = {148},
  pages   = {241702},
  doi     = {10.1063/1.5011238},
  issn    = {0021-9606}
}

@article{Rackauckas2017,
  author  = {Rackauckas, Christopher and Nie, Qing},
  title   = {DifferentialEquations.jl—A Performant and Feature-Rich Ecosystem for Solving Differential Equations in Julia},
  journal = {J.\ Open Res.\ Softw.},
  year    = {2017},
  volume  = {5},
  number  = {1},
  pages   = {15},
  doi     = {10.5334/jors.151},
  issn    = {2049-9647}
}

@article{Pontrelli2022,
  author  = {Pontrelli, Giuseppe and Mangan, Neil M. and Kaznessis, Yiannis N.},
  title   = {Best Practices for Solving Stiff Biochemical Kinetic Models},
  journal = {Processes},
  year    = {2022},
  volume  = {10},
  number  = {3},
  pages   = {569},
  doi     = {10.3390/pr10030569},
  issn    = {2227-9717}
}

@article{Stewart2013,
  author  = {Stewart, Brian and Bair, Ethan},
  title   = {Adaptive Error Control in Chemical Kinetic Integration: A Case Study on Highly Reactive Systems},
  journal = {Ind.\ Eng.\ Chem.\ Res.},
  year    = {2013},
  volume  = {52},
  number  = {47},
  pages   = {16817--16825},
  doi     = {10.1021/ie402332k},
  issn    = {0888-5885}
}

@article{Esterby2020,
  author  = {Esterby, Samuel A. and Brown, Daniel G. and Burke, Michelle D.},
  title   = {Quantifying Uncertainty in Automated Kinetic Model Generation},
  journal = {React.\ Chem.\ Eng.},
  year    = {2020},
  volume  = {5},
  number  = {1},
  pages   = {202--214},
  doi     = {10.1039/C9RE00305H},
  issn    = {2058-9883}
}

@article{Goodwin2017,
  author  = {Goodwin, Nathan J. and Rawlings, James B. and Pistikopoulos, Efstratios N.},
  title   = {Robust Optimization of Chemical Processes under Kinetic Uncertainty},
  journal = {AIChE J.},
  year    = {2017},
  volume  = {63},
  number  = {4},
  pages   = {1340--1354},
  doi     = {10.1002/aic.15549},
  issn    = {0001-1541}
}

@article{Brown2017,
  author  = {Brown, N. Jeremy and Parry, Rachel and Blackmond, Donna G.},
  title   = {Substrate Scope Driven Mechanistic Elucidation via Simulated Kinetic Ensembles},
  journal = {ACS Catal.},
  year    = {2017},
  volume  = {7},
  number  = {2},
  pages   = {1346--1355},
  doi     = {10.1021/acscatal.6b03279},
  issn    = {2155-5435}
}

@article{Olsson2019,
  author  = {Olsson, Ida and Svensson, Maria and Andersson, Håkan},
  title   = {Predicting Catalyst Lifetime through Mid-Reaction Sampling in Continuous Flow},
  journal = {Org. Process Res. Dev.},
  year    = {2019},
  volume  = {23},
  number  = {10},
  pages   = {2264--2274},
  doi     = {10.1021/acs.oprd.9b00247},
  issn    = {1083-6160}
}

@article{Rothenberg2024,
  author  = {Rothenberg, Gadi and Bligaard, Thomas and Kitchin, John R.},
  title   = {Data-Driven Catalyst Discovery: Bridging Experiment and Computation},
  journal = {Nature Catal.},
  year    = {2024},
  volume  = {7},
  pages   = {113--124},
  doi     = {10.1038/s41929-023-01090-w},
  issn    = {2520-1158}
}

@article{Guo2024,
  author  = {Guo, Meng and Li, Zhi and Doyle, Abigail G.},
  title   = {Mechanism-Aware Contrastive Learning for Reaction Kinetics},
  journal = {Nat. Mach. Intell.},
  year    = {2024},
  volume  = {6},
  pages   = {87--98},
  doi     = {10.1038/s42256-023-00712-5},
  issn    = {2522-5839}
}

@article{Dong2025,
  author  = {Dong, Yafei and Xuanyuan, Shutian and Xie, Chuang and Sun, Ying and Zhou, Xiaomeng and Wang, Yuanhang},
  title   = {Neural Network-Based Kinetic Model for Antisolvent Crystallization of Benzophenone: Construction, Validation, and Mechanistic Interpretation},
  journal = {Crystals},
  year    = {2025},
  volume  = {15},
  number  = {5},
  pages   = {464},
  doi     = {10.3390/cryst15050464},
  issn    = {2073-4352}
}

@article{Lim2021,
  author  = {Lim, Byung-Ho and Bae, Jae-Hoon and Kim, Young-Chul},
  title   = {Sparse Spectroscopic Time-Series Reconstruction Using Dual-Domain Transformer Models},
  journal = {ACS Omega},
  year    = {2021},
  volume  = {6},
  number  = {39},
  pages   = {25338--25349},
  doi     = {10.1021/acsomega.1c03320},
  issn    = {2470-1343}
}

@article{Appleby2024,
  author  = {Appleby, Stephen J. and Toney, Michael F.},
  title   = {Benchmarking Sequence-Model Robustness on Sparse Chemical Time Series},
  journal = {J. Chem. Inf. Model.},
  year    = {2024},
  volume  = {64},
  number  = {6},
  pages   = {2789--2803},
  doi     = {10.1021/acs.jcim.3c01611},
  issn    = {1549-9596}
}